@String(PAMI = {IEEE Trans. Pattern Anal. Mach. Intell.})
@String(IJCV = {Int. J. Comput. Vis.})
@String(CVPR= {IEEE Conf. Comput. Vis. Pattern Recog.})
@String(ICCV= {Int. Conf. Comput. Vis.})
@String(ECCV= {Eur. Conf. Comput. Vis.})
@String(NIPS= {Adv. Neural Inform. Process. Syst.})
@String(ICPR = {Int. Conf. Pattern Recog.})
@String(BMVC= {Brit. Mach. Vis. Conf.})
@String(TOG= {ACM Trans. Graph.})
@String(TIP  = {IEEE Trans. Image Process.})
@String(TVCG  = {IEEE Trans. Vis. Comput. Graph.})
@String(TMM  = {IEEE Trans. Multimedia})
@String(ACMMM= {ACM Int. Conf. Multimedia})
@String(ICME = {Int. Conf. Multimedia and Expo})
@String(ICASSP=	{ICASSP})
@String(ICIP = {IEEE Int. Conf. Image Process.})
@String(ACCV  = {ACCV})
@String(ICLR = {Int. Conf. Learn. Represent.})
@String(IJCAI = {IJCAI})
@String(PR   = {Pattern Recognition})
@String(AAAI = {AAAI})
@String(CVPRW= {IEEE Conf. Comput. Vis. Pattern Recog. Worksh.})
@String(CSVT = {IEEE Trans. Circuit Syst. Video Technol.})

@String(SPL	= {IEEE Sign. Process. Letters})
@String(VR   = {Vis. Res.})
@String(JOV	 = {J. Vis.})
@String(TVC  = {The Vis. Comput.})
@String(JCST  = {J. Comput. Sci. Tech.})
@String(CGF  = {Comput. Graph. Forum})
@String(CVM = {Computational Visual Media})


@String(PAMI  = {IEEE TPAMI})
@String(IJCV  = {IJCV})
@String(CVPR  = {CVPR})
@String(ICCV  = {ICCV})
@String(ECCV  = {ECCV})
@String(NIPS  = {NeurIPS})
@String(ICPR  = {ICPR})
@String(BMVC  =	{BMVC})
@String(TOG   = {ACM TOG})
@String(TIP   = {IEEE TIP})
@String(TVCG  = {IEEE TVCG})
@String(TCSVT = {IEEE TCSVT})
@String(TMM   =	{IEEE TMM})
@String(ACMMM = {ACM MM})
@String(ICME  =	{ICME})
@String(ICASSP=	{ICASSP})
@String(ICIP  = {ICIP})
@String(ACCV  = {ACCV})
@String(ICLR  = {ICLR})
@String(IJCAI = {IJCAI})
@String(PR = {PR})
@String(AAAI = {AAAI})
@String(CVPRW= {CVPRW})
@String(CSVT = {IEEE TCSVT})

@inproceedings{ho2020denoising,
    author = {Jonathan Ho and
Ajay Jain and
Pieter Abbeel},
    booktitle = {Advances in Neural Information Processing Systems 33: Annual Conference
on Neural Information Processing Systems 2020, NeurIPS 2020, December
6-12, 2020, virtual},
    editor = {Hugo Larochelle and
Marc'Aurelio Ranzato and
Raia Hadsell and
Maria{-}Florina Balcan and
Hsuan{-}Tien Lin},
    timestamp = {Tue, 19 Jan 2021 00:00:00 +0100},
    title = {Denoising Diffusion Probabilistic Models},
    year = {2020}
}

@inproceedings{nichol2021improved,
    author = {Alexander Quinn Nichol and
Prafulla Dhariwal},
    booktitle = {Proceedings of the 38th International Conference on Machine Learning,
{ICML} 2021, 18-24 July 2021, Virtual Event},
    editor = {Marina Meila and
Tong Zhang},
    series = {Proceedings of Machine Learning Research},
    timestamp = {Wed, 25 Aug 2021 01:00:00 +0200},
    title = {Improved Denoising Diffusion Probabilistic Models},
    year = {2021}
}

@inproceedings{dhariwal2021diffusion,
    author = {Prafulla Dhariwal and
Alexander Quinn Nichol},
    booktitle = {Advances in Neural Information Processing Systems 34: Annual Conference
on Neural Information Processing Systems 2021, NeurIPS 2021, December
6-14, 2021, virtual},
    editor = {Marc'Aurelio Ranzato and
Alina Beygelzimer and
Yann N. Dauphin and
Percy Liang and
Jennifer Wortman Vaughan},
    timestamp = {Tue, 03 May 2022 01:00:00 +0200},
    title = {Diffusion Models Beat GANs on Image Synthesis},
    year = {2021}
}

@inproceedings{gu2022vector,
    author = {Shuyang Gu and
Dong Chen and
Jianmin Bao and
Fang Wen and
Bo Zhang and
Dongdong Chen and
Lu Yuan and
Baining Guo},
    booktitle = {{IEEE/CVF} Conference on Computer Vision and Pattern Recognition,
{CVPR} 2022, New Orleans, LA, USA, June 18-24, 2022},
    timestamp = {Tue, 08 Nov 2022 00:00:00 +0100},
    title = {Vector Quantized Diffusion Model for Text-to-Image Synthesis},
    year = {2022}
}

@inproceedings{salimans2022progressive,
    author = {Tim Salimans and
Jonathan Ho},
    booktitle = {The Tenth International Conference on Learning Representations, {ICLR}
2022, Virtual Event, April 25-29, 2022},
    timestamp = {Sat, 20 Aug 2022 01:00:00 +0200},
    title = {Progressive Distillation for Fast Sampling of Diffusion Models},
    year = {2022}
}

@inproceedings{rombach2022high,
    author = {Rombach, Robin and Blattmann, Andreas and Lorenz, Dominik and Esser, Patrick and Ommer, Bj{\"o}rn},
    booktitle = {Proceedings of the IEEE/CVF conference on computer vision and pattern recognition},
    title = {High-resolution image synthesis with latent diffusion models},
    year = {2022}
}

@article{schuhmann2022laion,
    author = {Schuhmann, Christoph and Beaumont, Romain and Vencu, Richard and Gordon, Cade and Wightman, Ross and Cherti, Mehdi and Coombes, Theo and Katta, Aarush and Mullis, Clayton and Wortsman, Mitchell and others},
    journal = {Advances in Neural Information Processing Systems},
    title = {Laion-5b: An open large-scale dataset for training next generation image-text models},
    year = {2022}
}

@article{saharia2022photorealistic,
    author = {Saharia, Chitwan and Chan, William and Saxena, Saurabh and Li, Lala and Whang, Jay and Denton, Emily L and Ghasemipour, Kamyar and Gontijo Lopes, Raphael and Karagol Ayan, Burcu and Salimans, Tim and others},
    journal = {Advances in Neural Information Processing Systems},
    title = {Photorealistic text-to-image diffusion models with deep language understanding},
    year = {2022}
}

@article{ramesh2022hierarchical,
    author = {Ramesh, Aditya and Dhariwal, Prafulla and Nichol, Alex and Chu, Casey and Chen, Mark},
    journal = {ArXiv preprint},
    title = {Hierarchical text-conditional image generation with clip latents},
    year = {2022}
}

@inproceedings{lin2014microsoft,
    author = {Lin, Tsung-Yi and Maire, Michael and Belongie, Serge and Hays, James and Perona, Pietro and Ramanan, Deva and Doll{\'a}r, Piotr and Zitnick, C Lawrence},
    booktitle = {ECCV},
    title = {Microsoft coco: Common objects in context},
    year = {2014}
}

@inproceedings{zhang2023adding,
  title={Adding conditional control to text-to-image diffusion models},
  author={Zhang, Lvmin and Rao, Anyi and Agrawala, Maneesh},
  booktitle={Proceedings of the IEEE/CVF International Conference on Computer Vision},
  pages={3836--3847},
  year={2023}
}

@article{mou2023t2i,
    author = {Mou, Chong and Wang, Xintao and Xie, Liangbin and Zhang, Jian and Qi, Zhongang and Shan, Ying and Qie, Xiaohu},
    journal = {ArXiv preprint},
    title = {T2i-adapter: Learning adapters to dig out more controllable ability for text-to-image diffusion models},
    year = {2023}
}

@article{wang2023exploiting,
    author = {Wang, Jianyi and Yue, Zongsheng and Zhou, Shangchen and Chan, Kelvin CK and Loy, Chen Change},
    journal = {ArXiv preprint},
    title = {Exploiting Diffusion Prior for Real-World Image Super-Resolution},
    year = {2023}
}

@inproceedings{brooks2023instructpix2pix,
    author = {Brooks, Tim and Holynski, Aleksander and Efros, Alexei A},
    booktitle = {Proceedings of the IEEE/CVF Conference on Computer Vision and Pattern Recognition},
    title = {Instructpix2pix: Learning to follow image editing instructions},
    year = {2023}
}

@inproceedings{song2020score,
    author = {Yang Song and
Jascha Sohl{-}Dickstein and
Diederik P. Kingma and
Abhishek Kumar and
Stefano Ermon and
Ben Poole},
    booktitle = {9th International Conference on Learning Representations, {ICLR} 2021,
Virtual Event, Austria, May 3-7, 2021},
    timestamp = {Wed, 23 Jun 2021 01:00:00 +0200},
    title = {Score-Based Generative Modeling through Stochastic Differential Equations},
    year = {2021}
}

@article{karras2022elucidating,
    author = {Karras, Tero and Aittala, Miika and Aila, Timo and Laine, Samuli},
    journal = {Advances in Neural Information Processing Systems},
    title = {Elucidating the design space of diffusion-based generative models},
    year = {2022}
}

@article{song2023consistency,
    author = {Song, Yang and Dhariwal, Prafulla and Chen, Mark and Sutskever, Ilya},
    journal = {ICML},
    title = {Consistency Models},
    year = {2023}
}

@inproceedings{meng2023distillation,
    author = {Meng, Chenlin and Rombach, Robin and Gao, Ruiqi and Kingma, Diederik and Ermon, Stefano and Ho, Jonathan and Salimans, Tim},
    booktitle = {Proceedings of the IEEE/CVF Conference on Computer Vision and Pattern Recognition},
    title = {On distillation of guided diffusion models},
    year = {2023}
}

@article{dong2015image,
    author = {Dong, Chao and Loy, Chen Change and He, Kaiming and Tang, Xiaoou},
    journal = {IEEE transactions on pattern analysis and machine intelligence},
    number = {2},
    title = {Image super-resolution using deep convolutional networks},
    year = {2015}
}

@inproceedings{patashnik2021styleclip,
    author = {Or Patashnik and
Zongze Wu and
Eli Shechtman and
Daniel Cohen{-}Or and
Dani Lischinski},
    booktitle = {2021 {IEEE/CVF} International Conference on Computer Vision, {ICCV}
2021, Montreal, QC, Canada, October 10-17, 2021},
    timestamp = {Fri, 11 Mar 2022 00:00:00 +0100},
    title = {StyleCLIP: Text-Driven Manipulation of StyleGAN Imagery},
    year = {2021}
}

@inproceedings{lugmayr2022repaint,
    author = {Lugmayr, Andreas and Danelljan, Martin and Romero, Andres and Yu, Fisher and Timofte, Radu and Van Gool, Luc},
    booktitle = {Proceedings of the IEEE/CVF Conference on Computer Vision and Pattern Recognition},
    title = {Repaint: Inpainting using denoising diffusion probabilistic models},
    year = {2022}
}

@article{luhman2021knowledge,
    author = {Luhman, Eric and Luhman, Troy},
    journal = {ArXiv preprint},
    title = {Knowledge distillation in iterative generative models for improved sampling speed},
    year = {2021}
}

@inproceedings{hu2021lora,
    author = {Edward J. Hu and
Yelong Shen and
Phillip Wallis and
Zeyuan Allen{-}Zhu and
Yuanzhi Li and
Shean Wang and
Lu Wang and
Weizhu Chen},
    booktitle = {The Tenth International Conference on Learning Representations, {ICLR}
2022, Virtual Event, April 25-29, 2022},
    timestamp = {Sat, 20 Aug 2022 01:00:00 +0200},
    title = {LoRA: Low-Rank Adaptation of Large Language Models},
    year = {2022}
}

@article{hinton2015distilling,
    author = {Hinton, Geoffrey and Vinyals, Oriol and Dean, Jeff},
    journal = {ArXiv preprint},
    title = {Distilling the knowledge in a neural network},
    year = {2015}
}

@article{chung2022diffusion,
    author = {Chung, Hyungjin and Kim, Jeongsol and Mccann, Michael T and Klasky, Marc L and Ye, Jong Chul},
    journal = {ArXiv preprint},
    title = {Diffusion posterior sampling for general noisy inverse problems},
    year = {2022}
}

@article{gao2017bounds,
    author = {Gao, Xiang and Sitharam, Meera and Roitberg, Adrian E},
    journal = {ArXiv preprint},
    title = {Bounds on the Jensen gap, and implications for mean-concentrated distributions},
    year = {2017}
}

@article{simic2008global,
    author = {Simic, Slavko},
    journal = {Journal of mathematical analysis and applications},
    number = {1},
    title = {On a global upper bound for Jensen's inequality},
    year = {2008}
}

@inproceedings{wang2021real,
    author = {Xintao Wang and
Liangbin Xie and
Chao Dong and
Ying Shan},
    booktitle = {{IEEE/CVF} International Conference on Computer Vision Workshops,
{ICCVW} 2021, Montreal, BC, Canada, October 11-17, 2021},
    timestamp = {Fri, 03 Dec 2021 00:00:00 +0100},
    title = {Real-ESRGAN: Training Real-World Blind Super-Resolution with Pure
Synthetic Data},
    year = {2021}
}

@inproceedings{ji2020real,
    author = {Ji, Xiaozhong and Cao, Yun and Tai, Ying and Wang, Chengjie and Li, Jilin and Huang, Feiyue},
    booktitle = {proceedings of the IEEE/CVF conference on computer vision and pattern recognition workshops},
    title = {Real-world super-resolution via kernel estimation and noise injection},
    year = {2020}
}

@article{zhang2021blind,
    author = {Zhang, Jiahui and Lu, Shijian and Zhan, Fangneng and Yu, Yingchen},
    journal = {ArXiv preprint},
    title = {Blind image super-resolution via contrastive representation learning},
    year = {2021}
}

@inproceedings{liang2022efficient,
    author = {Liang, Jie and Zeng, Hui and Zhang, Lei},
    booktitle = {European Conference on Computer Vision},
    organization = {Springer},
    title = {Efficient and degradation-adaptive network for real-world image super-resolution},
    year = {2022}
}

@article{wang2022realesrgan,
    author = {Wang, Xintao and Xie, Liangbin and Dong, Chao and Shan, Ying},
    journal = {Computer Vision Foundation open access},
    title = {Realesrgan: Training real-world blind super-resolution with pure synthetic data supplementary material},
    year = {2022}
}

@inproceedings{chen2022real,
    author = {Chen, Chaofeng and Shi, Xinyu and Qin, Yipeng and Li, Xiaoming and Han, Xiaoguang and Yang, Tao and Guo, Shihui},
    booktitle = {Proceedings of the 30th ACM International Conference on Multimedia},
    title = {Real-world blind super-resolution via feature matching with implicit high-resolution priors},
    year = {2022}
}

@inproceedings{song2020denoising,
    author = {Jiaming Song and
Chenlin Meng and
Stefano Ermon},
    booktitle = {9th International Conference on Learning Representations, {ICLR} 2021,
Virtual Event, Austria, May 3-7, 2021},
    timestamp = {Wed, 23 Jun 2021 01:00:00 +0200},
    title = {Denoising Diffusion Implicit Models},
    year = {2021}
}

@article{zhang2018ffdnet,
    author = {Zhang, Kai and Zuo, Wangmeng and Zhang, Lei},
    journal = {IEEE Transactions on Image Processing},
    number = {9},
    title = {FFDNet: Toward a fast and flexible solution for CNN-based image denoising},
    year = {2018}
}

@inproceedings{sohl2015deep,
    author = {Jascha Sohl{-}Dickstein and
Eric A. Weiss and
Niru Maheswaranathan and
Surya Ganguli},
    booktitle = {Proceedings of the 32nd International Conference on Machine Learning,
{ICML} 2015, Lille, France, 6-11 July 2015},
    editor = {Francis R. Bach and
David M. Blei},
    series = {{JMLR} Workshop and Conference Proceedings},
    timestamp = {Wed, 29 May 2019 01:00:00 +0200},
    title = {Deep Unsupervised Learning using Nonequilibrium Thermodynamics},
    year = {2015}
}

@article{kingma2021variational,
    author = {Kingma, Diederik and Salimans, Tim and Poole, Ben and Ho, Jonathan},
    journal = {Advances in neural information processing systems},
    title = {Variational diffusion models},
    year = {2021}
}

@article{delbracio2023inversion,
    author = {Mauricio Delbracio and Peyman Milanfar},
    issn = {2835-8856},
    journal = {Transactions on Machine Learning Research},
    note = {Featured Certification},
    title = {Inversion by Direct Iteration: An Alternative to Denoising Diffusion for Image Restoration},
    year = {2023}
}

@inproceedings{saharia2022palette,
    author = {Saharia, Chitwan and Chan, William and Chang, Huiwen and Lee, Chris and Ho, Jonathan and Salimans, Tim and Fleet, David and Norouzi, Mohammad},
    booktitle = {ACM SIGGRAPH 2022 Conference Proceedings},
    title = {Palette: Image-to-image diffusion models},
    year = {2022}
}

@article{saharia2022image,
    author = {Saharia, Chitwan and Ho, Jonathan and Chan, William and Salimans, Tim and Fleet, David J and Norouzi, Mohammad},
    journal = {IEEE Transactions on Pattern Analysis and Machine Intelligence},
    number = {4},
    title = {Image super-resolution via iterative refinement},
    year = {2022}
}

@inproceedings{kingma2013auto,
    author = {Diederik P. Kingma and
Max Welling},
    booktitle = {2nd International Conference on Learning Representations, {ICLR} 2014,
Banff, AB, Canada, April 14-16, 2014, Conference Track Proceedings},
    editor = {Yoshua Bengio and
Yann LeCun},
    timestamp = {Fri, 29 Mar 2019 00:00:00 +0100},
    title = {Auto-Encoding Variational Bayes},
    year = {2014}
}

@inproceedings{song2020sliced,
    author = {Yang Song and
Sahaj Garg and
Jiaxin Shi and
Stefano Ermon},
    booktitle = {Proceedings of the Thirty-Fifth Conference on Uncertainty in Artificial
Intelligence, {UAI} 2019, Tel Aviv, Israel, July 22-25, 2019},
    editor = {Amir Globerson and
Ricardo Silva},
    series = {Proceedings of Machine Learning Research},
    timestamp = {Tue, 15 Dec 2020 00:00:00 +0100},
    title = {Sliced Score Matching: {A} Scalable Approach to Density and Score
Estimation},
    year = {2019}
}

@article{lu2022dpm,
    author = {Lu, Cheng and Zhou, Yuhao and Bao, Fan and Chen, Jianfei and Li, Chongxuan and Zhu, Jun},
    journal = {Advances in Neural Information Processing Systems},
    title = {Dpm-solver: A fast ode solver for diffusion probabilistic model sampling in around 10 steps},
    year = {2022}
}

@article{lu2022dpm2,
    author = {Lu, Cheng and Zhou, Yuhao and Bao, Fan and Chen, Jianfei and Li, Chongxuan and Zhu, Jun},
    journal = {ArXiv preprint},
    title = {Dpm-solver++: Fast solver for guided sampling of diffusion probabilistic models},
    year = {2022}
}

@article{li2023snapfusion,
    author = {Li, Yanyu and Wang, Huan and Jin, Qing and Hu, Ju and Chemerys, Pavlo and Fu, Yun and Wang, Yanzhi and Tulyakov, Sergey and Ren, Jian},
    journal = {NeurIPS},
    title = {SnapFusion: Text-to-Image Diffusion Model on Mobile Devices within Two Seconds},
    year = {2023}
}

@misc{ryu2023low,
    author = {Ryu, Simo},
    title = {Low-rank adaptation for fast text-to-image diffusion fine-tuning},
    year = {2023}
}

@article{rostamzadeh2021ethics,
    author = {Rostamzadeh, Negar and Denton, Emily and Petrini, Linda},
    journal = {ArXiv preprint},
    title = {Ethics and creativity in computer vision},
    year = {2021}
}

@inproceedings{meng2021sdedit,
    author = {Chenlin Meng and
Yutong He and
Yang Song and
Jiaming Song and
Jiajun Wu and
Jun{-}Yan Zhu and
Stefano Ermon},
    booktitle = {The Tenth International Conference on Learning Representations, {ICLR}
2022, Virtual Event, April 25-29, 2022},
    timestamp = {Wed, 22 Mar 2023 00:00:00 +0100},
    title = {SDEdit: Guided Image Synthesis and Editing with Stochastic Differential
Equations},
    year = {2022}
}

@article{russakovsky2015imagenet,
    author = {Russakovsky, Olga and Deng, Jia and Su, Hao and Krause, Jonathan and Satheesh, Sanjeev and Ma, Sean and Huang, Zhiheng and Karpathy, Andrej and Khosla, Aditya and Bernstein, Michael and others},
    journal = {International journal of computer vision},
    title = {Imagenet large scale visual recognition challenge},
    year = {2015}
}

@article{song2023improved,
    author = {Song, Yang and Dhariwal, Prafulla},
    journal = {ArXiv preprint},
    title = {Improved Techniques for Training Consistency Models},
    year = {2023}
}

@article{kim2023consistency,
    author = {Kim, Dongjun and Lai, Chieh-Hsin and Liao, Wei-Hsiang and Murata, Naoki and Takida, Yuhta and Uesaka, Toshimitsu and He, Yutong and Mitsufuji, Yuki and Ermon, Stefano},
    journal = {ArXiv preprint},
    title = {Consistency Trajectory Models: Learning Probability Flow ODE Trajectory of Diffusion},
    year = {2023}
}

@inproceedings{ruiz2023dreambooth,
    author = {Ruiz, Nataniel and Li, Yuanzhen and Jampani, Varun and Pritch, Yael and Rubinstein, Michael and Aberman, Kfir},
    booktitle = {Proceedings of the IEEE/CVF Conference on Computer Vision and Pattern Recognition},
    title = {Dreambooth: Fine tuning text-to-image diffusion models for subject-driven generation},
    year = {2023}
}

@inproceedings{liu2023zero,
    author = {Liu, Ruoshi and Wu, Rundi and Van Hoorick, Basile and Tokmakov, Pavel and Zakharov, Sergey and Vondrick, Carl},
    booktitle = {Proceedings of the IEEE/CVF International Conference on Computer Vision},
    title = {Zero-1-to-3: Zero-shot one image to 3d object},
    year = {2023}
}

@inproceedings{parmar2023zero,
    author = {Parmar, Gaurav and Kumar Singh, Krishna and Zhang, Richard and Li, Yijun and Lu, Jingwan and Zhu, Jun-Yan},
    booktitle = {ACM SIGGRAPH 2023 Conference Proceedings},
    title = {Zero-shot image-to-image translation},
    year = {2023}
}

@article{xu2023restart,
    author = {Xu, Yilun and Deng, Mingyang and Cheng, Xiang and Tian, Yonglong and Liu, Ziming and Jaakkola, Tommi},
    journal = {ArXiv preprint},
    title = {Restart Sampling for Improving Generative Processes},
    year = {2023}
}

@inproceedings{zheng2023fast,
    author = {Zheng, Hongkai and Nie, Weili and Vahdat, Arash and Azizzadenesheli, Kamyar and Anandkumar, Anima},
    booktitle = {International Conference on Machine Learning},
    organization = {PMLR},
    title = {Fast sampling of diffusion models via operator learning},
    year = {2023}
}

@article{liu2022flow,
    author = {Liu, Xingchao and Gong, Chengyue and Liu, Qiang},
    journal = {ArXiv preprint},
    title = {Flow straight and fast: Learning to generate and transfer data with rectified flow},
    year = {2022}
}

@inproceedings{gu2023boot,
    author = {Gu, Jiatao and Zhai, Shuangfei and Zhang, Yizhe and Liu, Lingjie and Susskind, Joshua M},
    booktitle = {ICML 2023 Workshop on Structured Probabilistic Inference $\{$$\backslash$\&$\}$ Generative Modeling},
    title = {Boot: Data-free distillation of denoising diffusion models with bootstrapping},
    year = {2023}
}

@inproceedings{lu2023cm,
    author = {Lu, Haoye and Lu, Yiwei and Jiang, Dihong and Szabados, Spencer Ryan and Sun, Sun and Yu, Yaoliang},
    booktitle = {ICML 2023 Workshop on Structured Probabilistic Inference $\{$$\backslash$\&$\}$ Generative Modeling},
    title = {CM-GAN: Stabilizing GAN Training with Consistency Models},
    year = {2023}
}

@inproceedings{houlsby2019parameter,
    author = {Neil Houlsby and
Andrei Giurgiu and
Stanislaw Jastrzebski and
Bruna Morrone and
Quentin de Laroussilhe and
Andrea Gesmundo and
Mona Attariyan and
Sylvain Gelly},
    booktitle = {Proceedings of the 36th International Conference on Machine Learning,
{ICML} 2019, 9-15 June 2019, Long Beach, California, {USA}},
    editor = {Kamalika Chaudhuri and
Ruslan Salakhutdinov},
    series = {Proceedings of Machine Learning Research},
    timestamp = {Tue, 11 Jun 2019 01:00:00 +0200},
    title = {Parameter-Efficient Transfer Learning for {NLP}},
    year = {2019}
}

@inproceedings{stickland2019bert,
    author = {Asa Cooper Stickland and
Iain Murray},
    booktitle = {Proceedings of the 36th International Conference on Machine Learning,
{ICML} 2019, 9-15 June 2019, Long Beach, California, {USA}},
    editor = {Kamalika Chaudhuri and
Ruslan Salakhutdinov},
    series = {Proceedings of Machine Learning Research},
    timestamp = {Tue, 11 Jun 2019 01:00:00 +0200},
    title = {{BERT} and PALs: Projected Attention Layers for Efficient Adaptation
in Multi-Task Learning},
    year = {2019}
}

@article{rosenfeld2018incremental,
    author = {Rosenfeld, Amir and Tsotsos, John K},
    journal = {IEEE transactions on pattern analysis and machine intelligence},
    number = {3},
    title = {Incremental learning through deep adaptation},
    year = {2018}
}

@inproceedings{rebuffi2018efficient,
    author = {Sylvestre{-}Alvise Rebuffi and
Hakan Bilen and
Andrea Vedaldi},
    booktitle = {2018 {IEEE} Conference on Computer Vision and Pattern Recognition,
{CVPR} 2018, Salt Lake City, UT, USA, June 18-22, 2018},
    timestamp = {Sun, 25 Oct 2020 01:00:00 +0200},
    title = {Efficient Parametrization of Multi-Domain Deep Neural Networks},
    year = {2018}
}

@inproceedings{alaluf2022hyperstyle,
    author = {Yuval Alaluf and
Omer Tov and
Ron Mokady and
Rinon Gal and
Amit Bermano},
    booktitle = {{IEEE/CVF} Conference on Computer Vision and Pattern Recognition,
{CVPR} 2022, New Orleans, LA, USA, June 18-24, 2022},
    timestamp = {Wed, 05 Oct 2022 01:00:00 +0200},
    title = {HyperStyle: StyleGAN Inversion with HyperNetworks for Real Image Editing},
    year = {2022}
}

@inproceedings{dinh2022hyperinverter,
    author = {Tan M. Dinh and
Anh Tuan Tran and
Rang Nguyen and
Binh{-}Son Hua},
    booktitle = {{IEEE/CVF} Conference on Computer Vision and Pattern Recognition,
{CVPR} 2022, New Orleans, LA, USA, June 18-24, 2022},
    timestamp = {Wed, 05 Oct 2022 01:00:00 +0200},
    title = {HyperInverter: Improving StyleGAN Inversion via Hypernetwork},
    year = {2022}
}

@article{balaji2022ediffi,
    author = {Balaji, Yogesh and Nah, Seungjun and Huang, Xun and Vahdat, Arash and Song, Jiaming and Kreis, Karsten and Aittala, Miika and Aila, Timo and Laine, Samuli and Catanzaro, Bryan and others},
    journal = {ArXiv preprint},
    title = {ediffi: Text-to-image diffusion models with an ensemble of expert denoisers},
    year = {2022}
}

@article{xia2023diffir,
  title={Diffir: Efficient diffusion model for image restoration},
  author={Xia, Bin and Zhang, Yulun and Wang, Shiyin and Wang, Yitong and Wu, Xinglong and Tian, Yapeng and Yang, Wenming and Van Gool, Luc},
  journal={ICCV},
  year={2023}
}

@inproceedings{yue2023resshift,
  title={ResShift: Efficient Diffusion Model for Image Super-resolution by Residual Shifting},
  author={Yue, Zongsheng and Wang, Jianyi and Loy, Chen Change},
  booktitle={Thirty-seventh Conference on Neural Information Processing Systems},
  year={2023}
}

@article{lin2023diffbir,
    author = {Lin, Xinqi and He, Jingwen and Chen, Ziyan and Lyu, Zhaoyang and Fei, Ben and Dai, Bo and Ouyang, Wanli and Qiao, Yu and Dong, Chao},
    journal = {ArXiv preprint},
    title = {DiffBIR: Towards Blind Image Restoration with Generative Diffusion Prior},
    year = {2023}
}
@article{zhang2024magicbrush,
  title={Magicbrush: A manually annotated dataset for instruction-guided image editing},
  author={Zhang, Kai and Mo, Lingbo and Chen, Wenhu and Sun, Huan and Su, Yu},
  journal={Advances in Neural Information Processing Systems},
  volume={36},
  year={2024}
}

@inproceedings{lugmayr2022inpainting,
    author = {Lugmayr, Andreas and Danelljan, Martin and Romero, Andres and Yu, Fisher and Timofte, Radu and Van Gool, L Repaint},
    booktitle = {Proceedings of the IEEE/CVF Conference on Computer Vision and Pattern Recognition, CVPR 2022},
    title = {Inpainting using denoising diffusion probabilistic models}
}

@article{schuhmann2021laion,
    author = {Schuhmann, Christoph and Vencu, Richard and Beaumont, Romain and Kaczmarczyk, Robert and Mullis, Clayton and Katta, Aarush and Coombes, Theo and Jitsev, Jenia and Komatsuzaki, Aran},
    journal = {ArXiv preprint},
    title = {Laion-400m: Open dataset of clip-filtered 400 million image-text pairs},
    year = {2021}
}

@inproceedings{mei2024latent,
  title={Latent Feature-Guided Diffusion Models for Shadow Removal},
  author={Mei, Kangfu and Figueroa, Luis and Lin, Zhe and Ding, Zhihong and Cohen, Scott and Patel, Vishal M},
  booktitle={Proceedings of the IEEE/CVF Winter Conference on Applications of Computer Vision},
  pages={4313--4322},
  year={2024}
}

@inproceedings{mei2023vidm,
  title={Vidm: Video implicit diffusion models},
  author={Mei, Kangfu and Patel, Vishal},
  booktitle={Proceedings of the AAAI Conference on Artificial Intelligence},
  volume={37},
  number={8},
  pages={9117--9125},
  year={2023}
}

@inproceedings{ren2023multiscale,
  title={Multiscale structure guided diffusion for image deblurring},
  author={Ren, Mengwei and Delbracio, Mauricio and Talebi, Hossein and Gerig, Guido and Milanfar, Peyman},
  booktitle={Proceedings of the IEEE/CVF International Conference on Computer Vision},
  pages={10721--10733},
  year={2023}
}

@inproceedings{whang2022deblurring,
  title={Deblurring via stochastic refinement},
  author={Whang, Jay and Delbracio, Mauricio and Talebi, Hossein and Saharia, Chitwan and Dimakis, Alexandros G and Milanfar, Peyman},
  booktitle={Proceedings of the IEEE/CVF Conference on Computer Vision and Pattern Recognition},
  pages={16293--16303},
  year={2022}
}

% Long form of conference & journal abbreviations -- especially for camera ready
@String(PAMI  = {IEEE Trans. Pattern Anal. Mach. Intell.})
@String(IJCV  = {Int. J. Comput. Vis.})
@String(CVPR  = {IEEE Conf. Comput. Vis. Pattern Recog.})
@String(ICCV  = {Int. Conf. Comput. Vis.})
@String(ECCV  = {Eur. Conf. Comput. Vis.})
@String(NeurIPS = {Adv. Neural Inform. Process. Syst.})
@String(ICML  = {Int. Conf. Mach. Learn.})
@String(ICLR  = {Int. Conf. Learn. Represent.})
@String(ACCV  = {Asian Conf. Comput. Vis.})
@String(BMVC  = {Brit. Mach. Vis. Conf.})
@String(CVPRW = {IEEE Conf. Comput. Vis. Pattern Recog. Worksh.})
@String(AAAI  = {AAAI})
@String(IJCAI = {IJCAI})
@String(ICIP  = {IEEE Int. Conf. Image Process.})
@String(ICPR  = {Int. Conf. Pattern Recog.})
@String(ICASSP=	{ICASSP})
@String(ICME  = {Int. Conf. Multimedia and Expo})
@String(JMLR  = {J. Mach. Learn. Res.})
@String(TMLR  = {Trans. Mach. Learn Res.})
@String(TOG   = {ACM Trans. Graph.})
@String(TIP   = {IEEE Trans. Image Process.})
@String(TVCG  = {IEEE Trans. Vis. Comput. Graph.})
@String(TCSVT = {IEEE Trans. Circuit Syst. Video Technol.})
@String(TMM   = {IEEE Trans. Multimedia})
@String(ACMMM = {ACM Int. Conf. Multimedia})
@String(PR    = {Pattern Recognition})

@String(MNI	  = {Nature Mach. Intell.})
@String(SPL	  = {IEEE Sign. Process. Letters})
@String(VR    = {Vis. Res.})
@String(JOV	  = {J. Vis.})
@String(TVC   = {The Vis. Comput.})
@String(JCST  = {J. Comput. Sci. Tech.})
@String(CGF   = {Comput. Graph. Forum})
@String(CVM   = {Computational Visual Media})


% Short form of conference & journal abbreviations -- especially for submission version
% if desired, remove these macros in favor of the above ones
@String(PAMI  = {IEEE TPAMI})
@String(IJCV  = {IJCV})
@String(CVPR  = {CVPR})
@String(ICCV  = {ICCV})
@String(ECCV  = {ECCV})
@String(NeurIPS = {NeurIPS})
@String(ICML  = {ICML})
@String(ICLR  = {ICLR})
@String(ACCV  = {ACCV})
@String(BMVC  =	{BMVC})
@String(CVPRW = {CVPRW})
@String(AAAI  = {AAAI})
@String(IJCAI = {IJCAI})
@String(ICIP  = {ICIP})
@String(ICPR  = {ICPR})
@String(ICASSP=	{ICASSP})
@String(ICME  =	{ICME})
@String(JMLR  = {JMLR})
@String(TMLR  = {TMLR})
@String(TOG   = {ACM TOG})
@String(TIP   = {IEEE TIP})
@String(TVCG  = {IEEE TVCG})
@String(TCSVT = {IEEE TCSVT})
@String(TMM   =	{IEEE TMM})
@String(ACMMM = {ACM MM})
@String(PR    = {PR})


@article{kaplan2020scaling,
 author = {Kaplan, Jared and McCandlish, Sam and Henighan, Tom and Brown, Tom B and Chess, Benjamin and Child, Rewon and Gray, Scott and Radford, Alec and Wu, Jeffrey and Amodei, Dario},
 journal = {ArXiv preprint},
 title = {Scaling laws for neural language models},
 year = {2020}
}

@inproceedings{rombach2022high,
 author = {Rombach, Robin and Blattmann, Andreas and Lorenz, Dominik and Esser, Patrick and Ommer, Bj{\"o}rn},
 booktitle = {Proceedings of the IEEE/CVF conference on computer vision and pattern recognition},
 title = {High-resolution image synthesis with latent diffusion models},
 year = {2022}
}

@article{podell2023sdxl,
 author = {Podell, Dustin and English, Zion and Lacey, Kyle and Blattmann, Andreas and Dockhorn, Tim and M{\"u}ller, Jonas and Penna, Joe and Rombach, Robin},
 journal = {ArXiv preprint},
 title = {Sdxl: Improving latent diffusion models for high-resolution image synthesis},
 year = {2023}
}

@inproceedings{wu2023tune,
 author = {Wu, Jay Zhangjie and Ge, Yixiao and Wang, Xintao and Lei, Stan Weixian and Gu, Yuchao and Shi, Yufei and Hsu, Wynne and Shan, Ying and Qie, Xiaohu and Shou, Mike Zheng},
 booktitle = {Proceedings of the IEEE/CVF International Conference on Computer Vision},
 title = {Tune-a-video: One-shot tuning of image diffusion models for text-to-video generation},
 year = {2023}
}

@inproceedings{lin2023magic3d,
 author = {Lin, Chen-Hsuan and Gao, Jun and Tang, Luming and Takikawa, Towaki and Zeng, Xiaohui and Huang, Xun and Kreis, Karsten and Fidler, Sanja and Liu, Ming-Yu and Lin, Tsung-Yi},
 booktitle = {Proceedings of the IEEE/CVF Conference on Computer Vision and Pattern Recognition},
 title = {Magic3d: High-resolution text-to-3d content creation},
 year = {2023}
}

@article{singer2022make,
 author = {Singer, Uriel and Polyak, Adam and Hayes, Thomas and Yin, Xi and An, Jie and Zhang, Songyang and Hu, Qiyuan and Yang, Harry and Ashual, Oron and Gafni, Oran and others},
 journal = {ArXiv preprint},
 title = {Make-a-video: Text-to-video generation without text-video data},
 year = {2022}
}

@inproceedings{liu2023zero,
 author = {Liu, Ruoshi and Wu, Rundi and Van Hoorick, Basile and Tokmakov, Pavel and Zakharov, Sergey and Vondrick, Carl},
 booktitle = {Proceedings of the IEEE/CVF International Conference on Computer Vision},
 title = {Zero-1-to-3: Zero-shot one image to 3d object},
 year = {2023}
}

@software{stablediffusioncheckpoint,
 author = {Rombach, Robin and Blattmann, Andreas and Lorenz, Dominik and Esser, Patrick and Ommer, Bj{\"o}rn},
 title = {Latent Diffusion Models: \url{https://github.com/CompVis/latent-diffusion}},
 year = {2022}
}

@article{hoffmann2022training,
 author = {Hoffmann, Jordan and Borgeaud, Sebastian and Mensch, Arthur and Buchatskaya, Elena and Cai, Trevor and Rutherford, Eliza and Casas, Diego de Las and Hendricks, Lisa Anne and Welbl, Johannes and Clark, Aidan and others},
 journal = {ArXiv preprint},
 title = {Training compute-optimal large language models},
 year = {2022}
}

@article{saharia2022image,
 author = {Saharia, Chitwan and Ho, Jonathan and Chan, William and Salimans, Tim and Fleet, David J and Norouzi, Mohammad},
 journal = {IEEE Transactions on Pattern Analysis and Machine Intelligence},
 number = {4},
 title = {Image super-resolution via iterative refinement},
 year = {2022}
}

@inproceedings{saharia2022palette,
 author = {Saharia, Chitwan and Chan, William and Chang, Huiwen and Lee, Chris and Ho, Jonathan and Salimans, Tim and Fleet, David and Norouzi, Mohammad},
 booktitle = {ACM SIGGRAPH 2022 Conference Proceedings},
 title = {Palette: Image-to-image diffusion models},
 year = {2022}
}

@inproceedings{zhang2023adding,
 author = {Zhang, Lvmin and Rao, Anyi and Agrawala, Maneesh},
 booktitle = {Proceedings of the IEEE/CVF International Conference on Computer Vision},
 title = {Adding conditional control to text-to-image diffusion models},
 year = {2023}
}

@inproceedings{mei2023conditional,
 author = {Mei, Kangfu and Delbracio, Mauricio and Talebi, Hossein and Tu, Zhengzhong and Patel, Vishal M and Milanfar, Peyman},
 booktitle = {Proceedings of the IEEE/CVF Conference on Computer Vision and Pattern Recognition},
 title = {CoDi: Conditional Diffusion Distillation for Higher-Fidelity and Faster Image Generation},
 year = {2024}
}

@article{song2023consistency,
 author = {Song, Yang and Dhariwal, Prafulla and Chen, Mark and Sutskever, Ilya},
 title = {Consistency models},
 year = {2023}
}

@inproceedings{jouppi2023tpu,
 author = {Jouppi, Norm and Kurian, George and Li, Sheng and Ma, Peter and Nagarajan, Rahul and Nai, Lifeng and Patil, Nishant and Subramanian, Suvinay and Swing, Andy and Towles, Brian and others},
 booktitle = {Proceedings of the 50th Annual International Symposium on Computer Architecture},
 title = {Tpu v4: An optically reconfigurable supercomputer for machine learning with hardware support for embeddings},
 year = {2023}
}

@article{schuhmann2021laion,
 author = {Schuhmann, Christoph and Vencu, Richard and Beaumont, Romain and Kaczmarczyk, Robert and Mullis, Clayton and Katta, Aarush and Coombes, Theo and Jitsev, Jenia and Komatsuzaki, Aran},
 journal = {ArXiv preprint},
 title = {Laion-400m: Open dataset of clip-filtered 400 million image-text pairs},
 year = {2021}
}

@article{yu2022scaling,
 author = {Yu, Jiahui and Xu, Yuanzhong and Koh, Jing Yu and Luong, Thang and Baid, Gunjan and Wang, Zirui and Vasudevan, Vijay and Ku, Alexander and Yang, Yinfei and Ayan, Burcu Karagol and others},
 journal = {ArXiv preprint},
 title = {Scaling autoregressive models for content-rich text-to-image generation},
 year = {2022}
}

@article{touvron2023llama,
 author = {Touvron, Hugo and Martin, Louis and Stone, Kevin and Albert, Peter and Almahairi, Amjad and Babaei, Yasmine and Bashlykov, Nikolay and Batra, Soumya and Bhargava, Prajjwal and Bhosale, Shruti and others},
 journal = {ArXiv preprint},
 title = {Llama 2: Open foundation and fine-tuned chat models},
 year = {2023}
}

@article{anil2023palm,
 author = {Anil, Rohan and Dai, Andrew M and Firat, Orhan and Johnson, Melvin and Lepikhin, Dmitry and Passos, Alexandre and Shakeri, Siamak and Taropa, Emanuel and Bailey, Paige and Chen, Zhifeng and others},
 journal = {ArXiv preprint},
 title = {Palm 2 technical report},
 year = {2023}
}

@inproceedings{brown2020language,
 author = {Tom B. Brown and
Benjamin Mann and
Nick Ryder and
Melanie Subbiah and
Jared Kaplan and
Prafulla Dhariwal and
Arvind Neelakantan and
Pranav Shyam and
Girish Sastry and
Amanda Askell and
Sandhini Agarwal and
Ariel Herbert{-}Voss and
Gretchen Krueger and
Tom Henighan and
Rewon Child and
Aditya Ramesh and
Daniel M. Ziegler and
Jeffrey Wu and
Clemens Winter and
Christopher Hesse and
Mark Chen and
Eric Sigler and
Mateusz Litwin and
Scott Gray and
Benjamin Chess and
Jack Clark and
Christopher Berner and
Sam McCandlish and
Alec Radford and
Ilya Sutskever and
Dario Amodei},
 booktitle = {Advances in Neural Information Processing Systems 33: Annual Conference
on Neural Information Processing Systems 2020, NeurIPS 2020, December
6-12, 2020, virtual},
 title = {Language Models are Few-Shot Learners},
 year = {2020}
}

@inproceedings{nichol2021improved,
 author = {Alexander Quinn Nichol and
Prafulla Dhariwal},
 booktitle = {Proceedings of the 38th International Conference on Machine Learning,
{ICML} 2021, 18-24 July 2021, Virtual Event},
 series = {Proceedings of Machine Learning Research},
 title = {Improved Denoising Diffusion Probabilistic Models},
 year = {2021}
}

@inproceedings{peebles2023scalable,
 author = {Peebles, William and Xie, Saining},
 booktitle = {Proceedings of the IEEE/CVF International Conference on Computer Vision},
 title = {Scalable diffusion models with transformers},
 year = {2023}
}

@inproceedings{ho2020denoising,
 author = {Jonathan Ho and
Ajay Jain and
Pieter Abbeel},
 booktitle = {Advances in Neural Information Processing Systems 33: Annual Conference
on Neural Information Processing Systems 2020, NeurIPS 2020, December
6-12, 2020, virtual},
 title = {Denoising Diffusion Probabilistic Models},
 year = {2020}
}

@inproceedings{chen2020generative,
 author = {Mark Chen and
Alec Radford and
Rewon Child and
Jeffrey Wu and
Heewoo Jun and
David Luan and
Ilya Sutskever},
 booktitle = {Proceedings of the 37th International Conference on Machine Learning,
{ICML} 2020, 13-18 July 2020, Virtual Event},
 series = {Proceedings of Machine Learning Research},
 title = {Generative Pretraining From Pixels},
 year = {2020}
}

@article{liu2023audioldm,
 author = {Liu, Haohe and Chen, Zehua and Yuan, Yi and Mei, Xinhao and Liu, Xubo and Mandic, Danilo and Wang, Wenwu and Plumbley, Mark D},
 journal = {ArXiv preprint},
 title = {Audioldm: Text-to-audio generation with latent diffusion models},
 year = {2023}
}

@inproceedings{ruiz2023dreambooth,
 author = {Ruiz, Nataniel and Li, Yuanzhen and Jampani, Varun and Pritch, Yael and Rubinstein, Michael and Aberman, Kfir},
 booktitle = {Proceedings of the IEEE/CVF Conference on Computer Vision and Pattern Recognition},
 title = {Dreambooth: Fine tuning text-to-image diffusion models for subject-driven generation},
 year = {2023}
}

@misc{tpuv5e,
 author = {{Google Cloud}},
 howpublished = {\url{https://cloud.google.com/tpu/docs/supported-tpu-configurations#tpu-v5e-config}},
 title = {{TPU v5e configurations}}
}

@article{du2023exploring,
 author = {Du, Hongyang and Zhang, Ruichen and Niyato, Dusit and Kang, Jiawen and Xiong, Zehui and Kim, Dong In and Shen, Xuemin Sherman and Poor, H Vincent},
 journal = {IEEE Network},
 number = {99},
 title = {Exploring collaborative distributed diffusion-based AI-generated content (AIGC) in wireless networks},
 year = {2023}
}

@article{choi2023squeezing,
 author = {Choi, Jiwoong and Kim, Minkyu and Ahn, Daehyun and Kim, Taesu and Kim, Yulhwa and Jo, Dongwon and Jeon, Hyesung and Kim, Jae-Joon and Kim, Hyungjun},
 journal = {ArXiv preprint},
 title = {Squeezing Large-Scale Diffusion Models for Mobile},
 year = {2023}
}

@inproceedings{karras2019style,
 author = {Tero Karras and
Samuli Laine and
Timo Aila},
 booktitle = {{IEEE} Conference on Computer Vision and Pattern Recognition, {CVPR}
2019, Long Beach, CA, USA, June 16-20, 2019},
 title = {A Style-Based Generator Architecture for Generative Adversarial Networks},
 year = {2019}
}

@article{goodfellow2020generative,
 author = {Goodfellow, Ian and Pouget-Abadie, Jean and Mirza, Mehdi and Xu, Bing and Warde-Farley, David and Ozair, Sherjil and Courville, Aaron and Bengio, Yoshua},
 journal = {Communications of the ACM},
 number = {11},
 title = {Generative adversarial networks},
 year = {2020}
}

@article{li2023snapfusion,
 author = {Li, Yanyu and Wang, Huan and Jin, Qing and Hu, Ju and Chemerys, Pavlo and Fu, Yun and Wang, Yanzhi and Tulyakov, Sergey and Ren, Jian},
 journal = {ArXiv preprint},
 title = {SnapFusion: Text-to-Image Diffusion Model on Mobile Devices within Two Seconds},
 year = {2023}
}

@article{zhao2023mobilediffusion,
 author = {Zhao, Yang and Xu, Yanwu and Xiao, Zhisheng and Hou, Tingbo},
 journal = {ArXiv preprint},
 title = {MobileDiffusion: Subsecond Text-to-Image Generation on Mobile Devices},
 year = {2023}
}

@article{lu2022dpm,
 author = {Lu, Cheng and Zhou, Yuhao and Bao, Fan and Chen, Jianfei and Li, Chongxuan and Zhu, Jun},
 journal = {Advances in Neural Information Processing Systems},
 title = {Dpm-solver: A fast ode solver for diffusion probabilistic model sampling in around 10 steps},
 year = {2022}
}

@inproceedings{song2020denoising,
 author = {Jiaming Song and
Chenlin Meng and
Stefano Ermon},
 booktitle = {9th International Conference on Learning Representations, {ICLR} 2021,
Virtual Event, Austria, May 3-7, 2021},
 title = {Denoising Diffusion Implicit Models},
 year = {2021}
}

@inproceedings{dhariwal2021diffusion,
 author = {Prafulla Dhariwal and
Alexander Quinn Nichol},
 booktitle = {Advances in Neural Information Processing Systems 34: Annual Conference
on Neural Information Processing Systems 2021, NeurIPS 2021, December
6-14, 2021, virtual},
 title = {Diffusion Models Beat GANs on Image Synthesis},
 year = {2021}
}

@inproceedings{gu2022vector,
 author = {Shuyang Gu and
Dong Chen and
Jianmin Bao and
Fang Wen and
Bo Zhang and
Dongdong Chen and
Lu Yuan and
Baining Guo},
 booktitle = {{IEEE/CVF} Conference on Computer Vision and Pattern Recognition,
{CVPR} 2022, New Orleans, LA, USA, June 18-24, 2022},
 title = {Vector Quantized Diffusion Model for Text-to-Image Synthesis},
 year = {2022}
}

@inproceedings{salimans2022progressive,
 author = {Tim Salimans and
Jonathan Ho},
 booktitle = {The Tenth International Conference on Learning Representations, {ICLR}
2022, Virtual Event, April 25-29, 2022},
 title = {Progressive Distillation for Fast Sampling of Diffusion Models},
 year = {2022}
}

@article{schuhmann2022laion,
 author = {Schuhmann, Christoph and Beaumont, Romain and Vencu, Richard and Gordon, Cade and Wightman, Ross and Cherti, Mehdi and Coombes, Theo and Katta, Aarush and Mullis, Clayton and Wortsman, Mitchell and others},
 journal = {Advances in Neural Information Processing Systems},
 title = {Laion-5b: An open large-scale dataset for training next generation image-text models},
 year = {2022}
}

@article{saharia2022photorealistic,
 author = {Saharia, Chitwan and Chan, William and Saxena, Saurabh and Li, Lala and Whang, Jay and Denton, Emily L and Ghasemipour, Kamyar and Gontijo Lopes, Raphael and Karagol Ayan, Burcu and Salimans, Tim and others},
 journal = {Advances in Neural Information Processing Systems},
 title = {Photorealistic text-to-image diffusion models with deep language understanding},
 year = {2022}
}

@article{ramesh2022hierarchical,
 author = {Ramesh, Aditya and Dhariwal, Prafulla and Nichol, Alex and Chu, Casey and Chen, Mark},
 journal = {ArXiv preprint},
 title = {Hierarchical text-conditional image generation with clip latents},
 year = {2022}
}

@inproceedings{lin2014microsoft,
 author = {Lin, Tsung-Yi and Maire, Michael and Belongie, Serge and Hays, James and Perona, Pietro and Ramanan, Deva and Doll{\'a}r, Piotr and Zitnick, C Lawrence},
 booktitle = {ECCV},
 title = {Microsoft coco: Common objects in context},
 year = {2014}
}

@article{mou2023t2i,
 author = {Mou, Chong and Wang, Xintao and Xie, Liangbin and Zhang, Jian and Qi, Zhongang and Shan, Ying and Qie, Xiaohu},
 journal = {ArXiv preprint},
 title = {T2i-adapter: Learning adapters to dig out more controllable ability for text-to-image diffusion models},
 year = {2023}
}

@article{wang2023exploiting,
 author = {Wang, Jianyi and Yue, Zongsheng and Zhou, Shangchen and Chan, Kelvin CK and Loy, Chen Change},
 journal = {ArXiv preprint},
 title = {Exploiting Diffusion Prior for Real-World Image Super-Resolution},
 year = {2023}
}

@inproceedings{brooks2023instructpix2pix,
 author = {Brooks, Tim and Holynski, Aleksander and Efros, Alexei A},
 booktitle = {Proceedings of the IEEE/CVF Conference on Computer Vision and Pattern Recognition},
 title = {Instructpix2pix: Learning to follow image editing instructions},
 year = {2023}
}

@inproceedings{whang2022deblurring,
 author = {Whang, Jay and Delbracio, Mauricio and Talebi, Hossein and Saharia, Chitwan and Dimakis, Alexandros G and Milanfar, Peyman},
 booktitle = {Proceedings of the IEEE/CVF Conference on Computer Vision and Pattern Recognition},
 title = {Deblurring via stochastic refinement},
 year = {2022}
}

@article{karras2022elucidating,
 author = {Karras, Tero and Aittala, Miika and Aila, Timo and Laine, Samuli},
 journal = {Advances in Neural Information Processing Systems},
 title = {Elucidating the design space of diffusion-based generative models},
 year = {2022}
}

@inproceedings{meng2023distillation,
 author = {Meng, Chenlin and Rombach, Robin and Gao, Ruiqi and Kingma, Diederik and Ermon, Stefano and Ho, Jonathan and Salimans, Tim},
 booktitle = {Proceedings of the IEEE/CVF Conference on Computer Vision and Pattern Recognition},
 title = {On distillation of guided diffusion models},
 year = {2023}
}

@article{dong2015image,
 author = {Dong, Chao and Loy, Chen Change and He, Kaiming and Tang, Xiaoou},
 journal = {IEEE transactions on pattern analysis and machine intelligence},
 number = {2},
 title = {Image super-resolution using deep convolutional networks},
 year = {2015}
}

@inproceedings{patashnik2021styleclip,
 author = {Or Patashnik and
Zongze Wu and
Eli Shechtman and
Daniel Cohen{-}Or and
Dani Lischinski},
 booktitle = {2021 {IEEE/CVF} International Conference on Computer Vision, {ICCV}
2021, Montreal, QC, Canada, October 10-17, 2021},
 title = {StyleCLIP: Text-Driven Manipulation of StyleGAN Imagery},
 year = {2021}
}

@inproceedings{lugmayr2022repaint,
 author = {Lugmayr, Andreas and Danelljan, Martin and Romero, Andres and Yu, Fisher and Timofte, Radu and Van Gool, Luc},
 booktitle = {Proceedings of the IEEE/CVF Conference on Computer Vision and Pattern Recognition},
 title = {Repaint: Inpainting using denoising diffusion probabilistic models},
 year = {2022}
}

@article{luhman2021knowledge,
 author = {Luhman, Eric and Luhman, Troy},
 journal = {ArXiv preprint},
 title = {Knowledge distillation in iterative generative models for improved sampling speed},
 year = {2021}
}

@inproceedings{hu2021lora,
 author = {Edward J. Hu and
Yelong Shen and
Phillip Wallis and
Zeyuan Allen{-}Zhu and
Yuanzhi Li and
Shean Wang and
Lu Wang and
Weizhu Chen},
 booktitle = {The Tenth International Conference on Learning Representations, {ICLR}
2022, Virtual Event, April 25-29, 2022},
 title = {LoRA: Low-Rank Adaptation of Large Language Models},
 year = {2022}
}

@article{hinton2015distilling,
 author = {Hinton, Geoffrey and Vinyals, Oriol and Dean, Jeff},
 journal = {ArXiv preprint},
 title = {Distilling the knowledge in a neural network},
 year = {2015}
}

@article{chung2022diffusion,
 author = {Chung, Hyungjin and Kim, Jeongsol and Mccann, Michael T and Klasky, Marc L and Ye, Jong Chul},
 journal = {ArXiv preprint},
 title = {Diffusion posterior sampling for general noisy inverse problems},
 year = {2022}
}

@article{gao2017bounds,
 author = {Gao, Xiang and Sitharam, Meera and Roitberg, Adrian E},
 journal = {ArXiv preprint},
 title = {Bounds on the Jensen gap, and implications for mean-concentrated distributions},
 year = {2017}
}

@article{simic2008global,
 author = {Simic, Slavko},
 journal = {Journal of mathematical analysis and applications},
 number = {1},
 title = {On a global upper bound for Jensen's inequality},
 year = {2008}
}

@inproceedings{wang2021real,
 author = {Xintao Wang and
Liangbin Xie and
Chao Dong and
Ying Shan},
 booktitle = {{IEEE/CVF} International Conference on Computer Vision Workshops,
{ICCVW} 2021, Montreal, BC, Canada, October 11-17, 2021},
 title = {Real-ESRGAN: Training Real-World Blind Super-Resolution with Pure
Synthetic Data},
 year = {2021}
}

@inproceedings{ji2020real,
 author = {Ji, Xiaozhong and Cao, Yun and Tai, Ying and Wang, Chengjie and Li, Jilin and Huang, Feiyue},
 booktitle = {proceedings of the IEEE/CVF conference on computer vision and pattern recognition workshops},
 title = {Real-world super-resolution via kernel estimation and noise injection},
 year = {2020}
}

@article{zhang2021blind,
 author = {Zhang, Jiahui and Lu, Shijian and Zhan, Fangneng and Yu, Yingchen},
 journal = {ArXiv preprint},
 title = {Blind image super-resolution via contrastive representation learning},
 year = {2021}
}

@inproceedings{liang2022efficient,
 author = {Liang, Jie and Zeng, Hui and Zhang, Lei},
 booktitle = {European Conference on Computer Vision},
 organization = {Springer},
 title = {Efficient and degradation-adaptive network for real-world image super-resolution},
 year = {2022}
}

@article{wang2022realesrgan,
 author = {Wang, Xintao and Xie, Liangbin and Dong, Chao and Shan, Ying},
 journal = {Computer Vision Foundation open access},
 title = {Realesrgan: Training real-world blind super-resolution with pure synthetic data supplementary material},
 year = {2022}
}

@inproceedings{chen2022real,
 author = {Chen, Chaofeng and Shi, Xinyu and Qin, Yipeng and Li, Xiaoming and Han, Xiaoguang and Yang, Tao and Guo, Shihui},
 booktitle = {Proceedings of the 30th ACM International Conference on Multimedia},
 title = {Real-world blind super-resolution via feature matching with implicit high-resolution priors},
 year = {2022}
}

@article{zhang2018ffdnet,
 author = {Zhang, Kai and Zuo, Wangmeng and Zhang, Lei},
 journal = {IEEE Transactions on Image Processing},
 number = {9},
 title = {FFDNet: Toward a fast and flexible solution for CNN-based image denoising},
 year = {2018}
}

@inproceedings{sohl2015deep,
 author = {Jascha Sohl{-}Dickstein and
Eric A. Weiss and
Niru Maheswaranathan and
Surya Ganguli},
 booktitle = {Proceedings of the 32nd International Conference on Machine Learning,
{ICML} 2015, Lille, France, 6-11 July 2015},
 series = {{JMLR} Workshop and Conference Proceedings},
 title = {Deep Unsupervised Learning using Nonequilibrium Thermodynamics},
 year = {2015}
}

@article{kingma2021variational,
 author = {Kingma, Diederik and Salimans, Tim and Poole, Ben and Ho, Jonathan},
 journal = {Advances in neural information processing systems},
 title = {Variational diffusion models},
 year = {2021}
}

@article{delbracio2023inversion,
 author = {Mauricio Delbracio and Peyman Milanfar},
 issn = {2835-8856},
 journal = {Transactions on Machine Learning Research},
 note = {Featured Certification},
 title = {Inversion by Direct Iteration: An Alternative to Denoising Diffusion for Image Restoration},
 year = {2023}
}

@inproceedings{kingma2013auto,
 author = {Diederik P. Kingma and
Max Welling},
 booktitle = {2nd International Conference on Learning Representations, {ICLR} 2014,
Banff, AB, Canada, April 14-16, 2014, Conference Track Proceedings},
 title = {Auto-Encoding Variational Bayes},
 year = {2014}
}

@inproceedings{song2020sliced,
 author = {Yang Song and
Sahaj Garg and
Jiaxin Shi and
Stefano Ermon},
 booktitle = {Proceedings of the Thirty-Fifth Conference on Uncertainty in Artificial
Intelligence, {UAI} 2019, Tel Aviv, Israel, July 22-25, 2019},
 series = {Proceedings of Machine Learning Research},
 title = {Sliced Score Matching: {A} Scalable Approach to Density and Score
Estimation},
 year = {2019}
}

@article{lu2022dpm2,
 author = {Lu, Cheng and Zhou, Yuhao and Bao, Fan and Chen, Jianfei and Li, Chongxuan and Zhu, Jun},
 journal = {ArXiv preprint},
 title = {Dpm-solver++: Fast solver for guided sampling of diffusion probabilistic models},
 year = {2022}
}

@misc{ryu2023low,
 author = {Ryu, Simo},
 title = {Low-rank adaptation for fast text-to-image diffusion fine-tuning},
 year = {2023}
}

@article{rostamzadeh2021ethics,
 author = {Rostamzadeh, Negar and Denton, Emily and Petrini, Linda},
 journal = {ArXiv preprint},
 title = {Ethics and creativity in computer vision},
 year = {2021}
}

@inproceedings{meng2021sdedit,
 author = {Chenlin Meng and
Yutong He and
Yang Song and
Jiaming Song and
Jiajun Wu and
Jun{-}Yan Zhu and
Stefano Ermon},
 booktitle = {The Tenth International Conference on Learning Representations, {ICLR}
2022, Virtual Event, April 25-29, 2022},
 title = {SDEdit: Guided Image Synthesis and Editing with Stochastic Differential
Equations},
 year = {2022}
}

@article{russakovsky2015imagenet,
 author = {Russakovsky, Olga and Deng, Jia and Su, Hao and Krause, Jonathan and Satheesh, Sanjeev and Ma, Sean and Huang, Zhiheng and Karpathy, Andrej and Khosla, Aditya and Bernstein, Michael and others},
 journal = {International journal of computer vision},
 title = {Imagenet large scale visual recognition challenge},
 year = {2015}
}

@article{song2023improved,
 author = {Song, Yang and Dhariwal, Prafulla},
 journal = {ArXiv preprint},
 title = {Improved Techniques for Training Consistency Models},
 year = {2023}
}

@article{kim2023consistency,
 author = {Kim, Dongjun and Lai, Chieh-Hsin and Liao, Wei-Hsiang and Murata, Naoki and Takida, Yuhta and Uesaka, Toshimitsu and He, Yutong and Mitsufuji, Yuki and Ermon, Stefano},
 journal = {ArXiv preprint},
 title = {Consistency Trajectory Models: Learning Probability Flow ODE Trajectory of Diffusion},
 year = {2023}
}

@inproceedings{parmar2023zero,
 author = {Parmar, Gaurav and Kumar Singh, Krishna and Zhang, Richard and Li, Yijun and Lu, Jingwan and Zhu, Jun-Yan},
 booktitle = {ACM SIGGRAPH 2023 Conference Proceedings},
 title = {Zero-shot image-to-image translation},
 year = {2023}
}

@article{xu2023restart,
 author = {Xu, Yilun and Deng, Mingyang and Cheng, Xiang and Tian, Yonglong and Liu, Ziming and Jaakkola, Tommi},
 journal = {ArXiv preprint},
 title = {Restart Sampling for Improving Generative Processes},
 year = {2023}
}

@inproceedings{zheng2023fast,
 author = {Zheng, Hongkai and Nie, Weili and Vahdat, Arash and Azizzadenesheli, Kamyar and Anandkumar, Anima},
 booktitle = {International Conference on Machine Learning},
 organization = {PMLR},
 title = {Fast sampling of diffusion models via operator learning},
 year = {2023}
}

@article{liu2022flow,
 author = {Liu, Xingchao and Gong, Chengyue and Liu, Qiang},
 journal = {ArXiv preprint},
 title = {Flow straight and fast: Learning to generate and transfer data with rectified flow},
 year = {2022}
}

@inproceedings{gu2023boot,
 author = {Gu, Jiatao and Zhai, Shuangfei and Zhang, Yizhe and Liu, Lingjie and Susskind, Joshua M},
 booktitle = {ICML 2023 Workshop on Structured Probabilistic Inference $\{$$\backslash$\&$\}$ Generative Modeling},
 title = {Boot: Data-free distillation of denoising diffusion models with bootstrapping},
 year = {2023}
}

@inproceedings{lu2023cm,
 author = {Lu, Haoye and Lu, Yiwei and Jiang, Dihong and Szabados, Spencer Ryan and Sun, Sun and Yu, Yaoliang},
 booktitle = {ICML 2023 Workshop on Structured Probabilistic Inference $\{$$\backslash$\&$\}$ Generative Modeling},
 title = {CM-GAN: Stabilizing GAN Training with Consistency Models},
 year = {2023}
}

@inproceedings{houlsby2019parameter,
 author = {Neil Houlsby and
Andrei Giurgiu and
Stanislaw Jastrzebski and
Bruna Morrone and
Quentin de Laroussilhe and
Andrea Gesmundo and
Mona Attariyan and
Sylvain Gelly},
 booktitle = {Proceedings of the 36th International Conference on Machine Learning,
{ICML} 2019, 9-15 June 2019, Long Beach, California, {USA}},
 series = {Proceedings of Machine Learning Research},
 title = {Parameter-Efficient Transfer Learning for {NLP}},
 year = {2019}
}

@inproceedings{stickland2019bert,
 author = {Asa Cooper Stickland and
Iain Murray},
 booktitle = {Proceedings of the 36th International Conference on Machine Learning,
{ICML} 2019, 9-15 June 2019, Long Beach, California, {USA}},
 series = {Proceedings of Machine Learning Research},
 title = {{BERT} and PALs: Projected Attention Layers for Efficient Adaptation
in Multi-Task Learning},
 year = {2019}
}

@article{rosenfeld2018incremental,
 author = {Rosenfeld, Amir and Tsotsos, John K},
 journal = {IEEE transactions on pattern analysis and machine intelligence},
 number = {3},
 title = {Incremental learning through deep adaptation},
 year = {2018}
}

@inproceedings{rebuffi2018efficient,
 author = {Sylvestre{-}Alvise Rebuffi and
Hakan Bilen and
Andrea Vedaldi},
 booktitle = {2018 {IEEE} Conference on Computer Vision and Pattern Recognition,
{CVPR} 2018, Salt Lake City, UT, USA, June 18-22, 2018},
 title = {Efficient Parametrization of Multi-Domain Deep Neural Networks},
 year = {2018}
}

@inproceedings{alaluf2022hyperstyle,
 author = {Yuval Alaluf and
Omer Tov and
Ron Mokady and
Rinon Gal and
Amit Bermano},
 booktitle = {{IEEE/CVF} Conference on Computer Vision and Pattern Recognition,
{CVPR} 2022, New Orleans, LA, USA, June 18-24, 2022},
 title = {HyperStyle: StyleGAN Inversion with HyperNetworks for Real Image Editing},
 year = {2022}
}

@inproceedings{dinh2022hyperinverter,
 author = {Tan M. Dinh and
Anh Tuan Tran and
Rang Nguyen and
Binh{-}Son Hua},
 booktitle = {{IEEE/CVF} Conference on Computer Vision and Pattern Recognition,
{CVPR} 2022, New Orleans, LA, USA, June 18-24, 2022},
 title = {HyperInverter: Improving StyleGAN Inversion via Hypernetwork},
 year = {2022}
}

@article{balaji2022ediffi,
 author = {Balaji, Yogesh and Nah, Seungjun and Huang, Xun and Vahdat, Arash and Song, Jiaming and Kreis, Karsten and Aittala, Miika and Aila, Timo and Laine, Samuli and Catanzaro, Bryan and others},
 journal = {ArXiv preprint},
 title = {ediffi: Text-to-image diffusion models with an ensemble of expert denoisers},
 year = {2022}
}

@article{xia2023diffir,
 author = {Xia, Bin and Zhang, Yulun and Wang, Shiyin and Wang, Yitong and Wu, Xinglong and Tian, Yapeng and Yang, Wenming and Van Gool, Luc},
 journal = {ICCV},
 title = {Diffir: Efficient diffusion model for image restoration},
 year = {2023}
}

@inproceedings{yue2023resshift,
 author = {Yue, Zongsheng and Wang, Jianyi and Loy, Chen Change},
 booktitle = {Thirty-seventh Conference on Neural Information Processing Systems},
 title = {ResShift: Efficient Diffusion Model for Image Super-resolution by Residual Shifting},
 year = {2023}
}

@article{lin2023diffbir,
 author = {Lin, Xinqi and He, Jingwen and Chen, Ziyan and Lyu, Zhaoyang and Fei, Ben and Dai, Bo and Ouyang, Wanli and Qiao, Yu and Dong, Chao},
 journal = {ArXiv preprint},
 title = {DiffBIR: Towards Blind Image Restoration with Generative Diffusion Prior},
 year = {2023}
}

@inproceedings{lugmayr2022inpainting,
 author = {Lugmayr, Andreas and Danelljan, Martin and Romero, Andres and Yu, Fisher and Timofte, Radu and Van Gool, L Repaint},
 booktitle = {Proceedings of the IEEE/CVF Conference on Computer Vision and Pattern Recognition, CVPR 2022},
 title = {Inpainting using denoising diffusion probabilistic models}
}

@article{wei2022emergent,
 author = {Wei, Jason and Tay, Yi and Bommasani, Rishi and Raffel, Colin and Zoph, Barret and Borgeaud, Sebastian and Yogatama, Dani and Bosma, Maarten and Zhou, Denny and Metzler, Donald and others},
 journal = {ArXiv preprint},
 title = {Emergent abilities of large language models},
 year = {2022}
}

@article{sauer2023stylegan,
 author = {Sauer, Axel and Karras, Tero and Laine, Samuli and Geiger, Andreas and Aila, Timo},
 journal = {ArXiv preprint},
 title = {Stylegan-t: Unlocking the power of gans for fast large-scale text-to-image synthesis},
 year = {2023}
}

@article{chang2023muse,
 author = {Chang, Huiwen and Zhang, Han and Barber, Jarred and Maschinot, AJ and Lezama, Jose and Jiang, Lu and Yang, Ming-Hsuan and Murphy, Kevin and Freeman, William T and Rubinstein, Michael and others},
 journal = {ArXiv preprint},
 title = {Muse: Text-to-image generation via masked generative transformers},
 year = {2023}
}

@article{hoogeboom2023simple,
 author = {Hoogeboom, Emiel and Heek, Jonathan and Salimans, Tim},
 journal = {ArXiv preprint},
 title = {simple diffusion: End-to-end diffusion for high resolution images},
 year = {2023}
}

@article{howard2017mobilenets,
 author = {Howard, Andrew G and Zhu, Menglong and Chen, Bo and Kalenichenko, Dmitry and Wang, Weijun and Weyand, Tobias and Andreetto, Marco and Adam, Hartwig},
 journal = {ArXiv preprint},
 title = {Mobilenets: Efficient convolutional neural networks for mobile vision applications},
 year = {2017}
}

@article{ho2022classifier,
 author = {Ho, Jonathan and Salimans, Tim},
 journal = {ArXiv preprint},
 title = {Classifier-free diffusion guidance},
 year = {2022}
}

@inproceedings{li2023lsdir,
 author = {Li, Yawei and Zhang, Kai and Liang, Jingyun and Cao, Jiezhang and Liu, Ce and Gong, Rui and Zhang, Yulun and Tang, Hao and Liu, Yun and Demandolx, Denis and others},
 booktitle = {Proceedings of the IEEE/CVF Conference on Computer Vision and Pattern Recognition},
 title = {Lsdir: A large scale dataset for image restoration},
 year = {2023}
}

@inproceedings{agustsson2017ntire,
 author = {Agustsson, Eirikur and Timofte, Radu},
 booktitle = {Proceedings of the IEEE conference on computer vision and pattern recognition workshops},
 title = {Ntire 2017 challenge on single image super-resolution: Dataset and study},
 year = {2017}
}

@article{sahak2023denoising,
 author = {Sahak, Hshmat and Watson, Daniel and Saharia, Chitwan and Fleet, David},
 journal = {ArXiv preprint},
 title = {Denoising diffusion probabilistic models for robust image super-resolution in the wild},
 year = {2023}
}

@article{henighan2020scaling,
 author = {Henighan, Tom and Kaplan, Jared and Katz, Mor and Chen, Mark and Hesse, Christopher and Jackson, Jacob and Jun, Heewoo and Brown, Tom B and Dhariwal, Prafulla and Gray, Scott and others},
 journal = {ArXiv preprint},
 title = {Scaling laws for autoregressive generative modeling},
 year = {2020}
}

@article{chowdhery2023palm,
 author = {Chowdhery, Aakanksha and Narang, Sharan and Devlin, Jacob and Bosma, Maarten and Mishra, Gaurav and Roberts, Adam and Barham, Paul and Chung, Hyung Won and Sutton, Charles and Gehrmann, Sebastian and others},
 journal = {Journal of Machine Learning Research},
 number = {240},
 title = {Palm: Scaling language modeling with pathways},
 year = {2023}
}

@inproceedings{radford2021learning,
 author = {Alec Radford and
Jong Wook Kim and
Chris Hallacy and
Aditya Ramesh and
Gabriel Goh and
Sandhini Agarwal and
Girish Sastry and
Amanda Askell and
Pamela Mishkin and
Jack Clark and
Gretchen Krueger and
Ilya Sutskever},
 booktitle = {Proceedings of the 38th International Conference on Machine Learning,
{ICML} 2021, 18-24 July 2021, Virtual Event},
 series = {Proceedings of Machine Learning Research},
 title = {Learning Transferable Visual Models From Natural Language Supervision},
 year = {2021}
}

@inproceedings{song2020score,
 author = {Yang Song and
Jascha Sohl{-}Dickstein and
Diederik P. Kingma and
Abhishek Kumar and
Stefano Ermon and
Ben Poole},
 booktitle = {9th International Conference on Learning Representations, {ICLR} 2021,
Virtual Event, Austria, May 3-7, 2021},
 title = {Score-Based Generative Modeling through Stochastic Differential Equations},
 year = {2021}
}

@article{chen2022pali,
 author = {Chen, Xi and Wang, Xiao and Changpinyo, Soravit and Piergiovanni, AJ and Padlewski, Piotr and Salz, Daniel and Goodman, Sebastian and Grycner, Adam and Mustafa, Basil and Beyer, Lucas and others},
 journal = {ArXiv preprint},
 title = {Pali: A jointly-scaled multilingual language-image model},
 year = {2022}
}

@inproceedings{kim2023bk,
 author = {Kim, Bo-Kyeong and Song, Hyoung-Kyu and Castells, Thibault and Choi, Shinkook},
 booktitle = {Workshop on Efficient Systems for Foundation Models@ ICML2023},
 title = {Bk-sdm: Architecturally compressed stable diffusion for efficient text-to-image generation},
 year = {2023}
}

@article{kim2023architectural,
 author = {Kim, Bo-Kyeong and Song, Hyoung-Kyu and Castells, Thibault and Choi, Shinkook},
 journal = {ArXiv preprint},
 title = {On Architectural Compression of Text-to-Image Diffusion Models},
 year = {2023}
}

@article{dockhorn2022genie,
 author = {Dockhorn, Tim and Vahdat, Arash and Kreis, Karsten},
 journal = {Advances in Neural Information Processing Systems},
 title = {Genie: Higher-order denoising diffusion solvers},
 year = {2022}
}

@article{liu2023instaflow,
 author = {Liu, Xingchao and Zhang, Xiwen and Ma, Jianzhu and Peng, Jian and Liu, Qiang},
 journal = {ArXiv preprint},
 title = {Instaflow: One step is enough for high-quality diffusion-based text-to-image generation},
 year = {2023}
}

@article{xu2023ufogen,
 author = {Xu, Yanwu and Zhao, Yang and Xiao, Zhisheng and Hou, Tingbo},
 journal = {ArXiv preprint},
 title = {Ufogen: You forward once large scale text-to-image generation via diffusion gans},
 year = {2023}
}

@article{sauer2023adversarial,
 author = {Sauer, Axel and Lorenz, Dominik and Blattmann, Andreas and Rombach, Robin},
 journal = {ArXiv preprint},
 title = {Adversarial diffusion distillation},
 year = {2023}
}

@article{alabdulmohsin2024getting,
 author = {Alabdulmohsin, Ibrahim M and Zhai, Xiaohua and Kolesnikov, Alexander and Beyer, Lucas},
 journal = {Advances in Neural Information Processing Systems},
 title = {Getting vit in shape: Scaling laws for compute-optimal model design},
 year = {2024}
}

@inproceedings{zhou2023brainformers,
 author = {Zhou, Yanqi and Du, Nan and Huang, Yanping and Peng, Daiyi and Lan, Chang and Huang, Da and Shakeri, Siamak and So, David and Dai, Andrew M and Lu, Yifeng and others},
 booktitle = {International Conference on Machine Learning},
 organization = {PMLR},
 title = {Brainformers: Trading simplicity for efficiency},
 year = {2023}
}

@inproceedings{mao2017least,
 author = {Xudong Mao and
Qing Li and
Haoran Xie and
Raymond Y. K. Lau and
Zhen Wang and
Stephen Paul Smolley},
 booktitle = {{IEEE} International Conference on Computer Vision, {ICCV} 2017, Venice,
Italy, October 22-29, 2017},
 title = {Least Squares Generative Adversarial Networks},
 year = {2017}
}

@inproceedings{reed2016generative,
 author = {Scott E. Reed and
Zeynep Akata and
Xinchen Yan and
Lajanugen Logeswaran and
Bernt Schiele and
Honglak Lee},
 booktitle = {Proceedings of the 33nd International Conference on Machine Learning,
{ICML} 2016, New York City, NY, USA, June 19-24, 2016},
 series = {{JMLR} Workshop and Conference Proceedings},
 title = {Generative Adversarial Text to Image Synthesis},
 year = {2016}
}

@inproceedings{miyato2018spectral,
 author = {Takeru Miyato and
Toshiki Kataoka and
Masanori Koyama and
Yuichi Yoshida},
 booktitle = {6th International Conference on Learning Representations, {ICLR} 2018,
Vancouver, BC, Canada, April 30 - May 3, 2018, Conference Track Proceedings},
 title = {Spectral Normalization for Generative Adversarial Networks},
 year = {2018}
}

@inproceedings{vahdat2020nvae,
 author = {Arash Vahdat and
Jan Kautz},
 booktitle = {Advances in Neural Information Processing Systems 33: Annual Conference
on Neural Information Processing Systems 2020, NeurIPS 2020, December
6-12, 2020, virtual},
 title = {{NVAE:} {A} Deep Hierarchical Variational Autoencoder},
 year = {2020}
}

@inproceedings{rezende2015variational,
 author = {Danilo Jimenez Rezende and
Shakir Mohamed},
 booktitle = {Proceedings of the 32nd International Conference on Machine Learning,
{ICML} 2015, Lille, France, 6-11 July 2015},
 series = {{JMLR} Workshop and Conference Proceedings},
 title = {Variational Inference with Normalizing Flows},
 year = {2015}
}

@article{makhzani2015adversarial,
 author = {Makhzani, Alireza and Shlens, Jonathon and Jaitly, Navdeep and Goodfellow, Ian and Frey, Brendan},
 journal = {ArXiv preprint},
 title = {Adversarial autoencoders},
 year = {2015}
}

@inproceedings{chang2022maskgit,
 author = {Huiwen Chang and
Han Zhang and
Lu Jiang and
Ce Liu and
William T. Freeman},
 booktitle = {{IEEE/CVF} Conference on Computer Vision and Pattern Recognition,
{CVPR} 2022, New Orleans, LA, USA, June 18-24, 2022},
 title = {MaskGIT: Masked Generative Image Transformer},
 year = {2022}
}

@inproceedings{devlin2018bert,
 author = {Devlin, Jacob  and
Chang, Ming-Wei  and
Lee, Kenton  and
Toutanova, Kristina},
 booktitle = {Proceedings of the 2019 Conference of the North {A}merican Chapter of the Association for Computational Linguistics: Human Language Technologies, Volume 1 (Long and Short Papers)},
 title = {{BERT}: Pre-training of Deep Bidirectional Transformers for Language Understanding},
 year = {2019}
}

@inproceedings{he2022masked,
 author = {Kaiming He and
Xinlei Chen and
Saining Xie and
Yanghao Li and
Piotr Doll{\'{a}}r and
Ross B. Girshick},
 booktitle = {{IEEE/CVF} Conference on Computer Vision and Pattern Recognition,
{CVPR} 2022, New Orleans, LA, USA, June 18-24, 2022},
 title = {Masked Autoencoders Are Scalable Vision Learners},
 year = {2022}
}

@article{raffel2020exploring,
 author = {Colin Raffel and
Noam Shazeer and
Adam Roberts and
Katherine Lee and
Sharan Narang and
Michael Matena and
Yanqi Zhou and
Wei Li and
Peter J. Liu},
 journal = {J. Mach. Learn. Res.},
 title = {Exploring the Limits of Transfer Learning with a Unified Text-to-Text
Transformer},
 year = {2020}
}

@article{qi2023tip,
 author = {Qi, Chenyang and Tu, Zhengzhong and Ye, Keren and Delbracio, Mauricio and Milanfar, Peyman and Chen, Qifeng and Talebi, Hossein},
 journal = {ArXiv preprint},
 title = {Tip: Text-driven image processing with semantic and restoration instructions},
 year = {2023}
}

@article{lin2024sdxl,
 author = {Lin, Shanchuan and Wang, Anran and Yang, Xiao},
 journal = {ArXiv preprint},
 title = {SDXL-Lightning: Progressive Adversarial Diffusion Distillation},
 year = {2024}
}

@article{luo2023latent,
 author = {Luo, Simian and Tan, Yiqin and Huang, Longbo and Li, Jian and Zhao, Hang},
 journal = {ArXiv preprint},
 title = {Latent consistency models: Synthesizing high-resolution images with few-step inference},
 year = {2023}
}

@inproceedings{mei2023vidm,
 author = {Mei, Kangfu and Patel, Vishal},
 booktitle = {Proceedings of the AAAI Conference on Artificial Intelligence},
 number = {8},
 title = {Vidm: Video implicit diffusion models},
 year = {2023}
}

@inproceedings{ren2023multiscale,
 author = {Ren, Mengwei and Delbracio, Mauricio and Talebi, Hossein and Gerig, Guido and Milanfar, Peyman},
 booktitle = {Proceedings of the IEEE/CVF International Conference on Computer Vision},
 title = {Multiscale structure guided diffusion for image deblurring},
 year = {2023}
}

@article{mei2023t1,
 author = {Mei, Kangfu and Zhou, Mo and Patel, Vishal M},
 journal = {ArXiv preprint},
 title = {T1: Scaling Diffusion Probabilistic Fields to High-Resolution on Unified Visual Modalities},
 year = {2023}
}

@article{cho2023davidsonian,
 author = {Cho, Jaemin and Hu, Yushi and Garg, Roopal and Anderson, Peter and Krishna, Ranjay and Baldridge, Jason and Bansal, Mohit and Pont-Tuset, Jordi and Wang, Su},
 journal = {ArXiv preprint},
 title = {Davidsonian scene graph: Improving reliability in fine-grained evaluation for text-image generation},
 year = {2023}
}

@inproceedings{zhang2021cross,
 author = {Han Zhang and
Jing Yu Koh and
Jason Baldridge and
Honglak Lee and
Yinfei Yang},
 booktitle = {{IEEE} Conference on Computer Vision and Pattern Recognition, {CVPR}
2021, virtual, June 19-25, 2021},
 title = {Cross-Modal Contrastive Learning for Text-to-Image Generation},
 year = {2021}
}

@article{jayasumana2023rethinking,
 author = {Jayasumana, Sadeep and Ramalingam, Srikumar and Veit, Andreas and Glasner, Daniel and Chakrabarti, Ayan and Kumar, Sanjiv},
 journal = {ArXiv preprint},
 title = {Rethinking fid: Towards a better evaluation metric for image generation},
 year = {2024}
}

@article{ma2024sit,
 author = {Ma, Nanye and Goldstein, Mark and Albergo, Michael S and Boffi, Nicholas M and Vanden-Eijnden, Eric and Xie, Saining},
 journal = {ArXiv preprint},
 title = {SiT: Exploring Flow and Diffusion-based Generative Models with Scalable Interpolant Transformers},
 year = {2024}
}

@inproceedings{esser2024scaling,
  title={Scaling rectified flow transformers for high-resolution image synthesis},
  author={Esser, Patrick and Kulal, Sumith and Blattmann, Andreas and Entezari, Rahim and M{\"u}ller, Jonas and Saini, Harry and Levi, Yam and Lorenz, Dominik and Sauer, Axel and Boesel, Frederic and others},
  booktitle={Forty-first International Conference on Machine Learning},
  year={2024}
}

@article{fei2024scalable,
  title={Scalable diffusion models with state space backbone},
  author={Fei, Zhengcong and Fan, Mingyuan and Yu, Changqian and Huang, Junshi},
  journal={arXiv preprint arXiv:2402.05608},
  year={2024}
}

@article{baldridge2024imagen,
  title={Imagen 3},
  author={Baldridge, Jason and Bauer, Jakob and Bhutani, Mukul and Brichtova, Nicole and Bunner, Andrew and Chan, Kelvin and Chen, Yichang and Dieleman, Sander and Du, Yuqing and Eaton-Rosen, Zach and others},
  journal={arXiv preprint arXiv:2408.07009},
  year={2024}
}

@article{pernias2023wurstchen,
  title={W{\"u}rstchen: An efficient architecture for large-scale text-to-image diffusion models},
  author={Pernias, Pablo and Rampas, Dominic and Richter, Mats L and Pal, Christopher J and Aubreville, Marc},
  journal={arXiv preprint arXiv:2306.00637},
  year={2023}
}

@inproceedings{li2024self,
  title={Self-discovering interpretable diffusion latent directions for responsible text-to-image generation},
  author={Li, Hang and Shen, Chengzhi and Torr, Philip and Tresp, Volker and Gu, Jindong},
  booktitle={Proceedings of the IEEE/CVF Conference on Computer Vision and Pattern Recognition},
  pages={12006--12016},
  year={2024}
}

@article{park2023understanding,
  title={Understanding the latent space of diffusion models through the lens of riemannian geometry},
  author={Park, Yong-Hyun and Kwon, Mingi and Choi, Jaewoong and Jo, Junghyo and Uh, Youngjung},
  journal={Advances in Neural Information Processing Systems},
  volume={36},
  pages={24129--24142},
  year={2023}
}

@inproceedings{mei2024latent,
  title={Latent feature-guided diffusion models for shadow removal},
  author={Mei, Kangfu and Figueroa, Luis and Lin, Zhe and Ding, Zhihong and Cohen, Scott and Patel, Vishal M},
  booktitle={Proceedings of the IEEE/CVF Winter Conference on Applications of Computer Vision},
  pages={4313--4322},
  year={2024}
}

@inproceedings{mei2025improving,
  title={Improving Conditional Diffusion Models through Re-Noising from Unconditional Diffusion Priors},
  author={Mei, Kangfu and Nair, Nithin Gopalakrishnan and Patel, Vishal M},
  booktitle={Proceedings of the IEEE/CVF Winter Conference on Applications of Computer Vision},
  year={2025}
}